@article{BockMiller1991,
  author = {Bock, Kathryn and Miller, Carol A.},
  title = {Broken agreement},
  journal = {Cognitive Psychology},
  year = {1991},
  volume = {23},
  number = {1},
  pages = {45--93}
}

@article{Eberhard2005,
  author = {Eberhard, Kathleen M. and Cutting, J. Cooper and Bock, Kathryn},
  title = {Making syntax of sense: Number agreement in sentence production},
  journal = {Psychological Review},
  year = {2005},
  volume = {112},
  number = {3},
  pages = {531--559}
}

@article{Wagers2009,
  author = {Wagers, Matthew W. and Lau, Ellen F. and Phillips, Colin},
  title = {Agreement attraction in comprehension: Representations and processes},
  journal = {Journal of Memory and Language},
  year = {2009},
  volume = {61},
  number = {2},
  pages = {206--237}
}

@article{Engelmann2019,
  author = {Engelmann, Felix and J{\"a}ger, Lena A. and Vasishth, Shravan},
  title = {The effect of prominence and cue association on retrieval processes: A computational account},
  journal = {Cognitive Science},
  year = {2019},
  volume = {43},
  number = {12},
  pages = {e12800}
}

@article{Hammerly2019,
  author = {Hammerly, Christopher and Staub, Adrian and Dillon, Brian},
  title = {The grammaticality asymmetry in agreement attraction reflects response bias: Experimental and modeling evidence},
  journal = {Cognitive Psychology},
  year = {2019},
  volume = {110},
  pages = {70--104}
}

@article{Yadav2023,
  author = {Yadav, Himanshu and Smith, Greg and Reich, Simon and Vasishth, Shravan},
  title = {Number feature distortion modulates cue-based retrieval in reading},
  journal = {Journal of Memory and Language},
  year = {2023},
  volume = {129},
  pages = {104400}
}

@article{Lago2019,
  author = {Lago, Susana and Gra{\v c}anin-Yuksek, Martina and {\c S}afak, Defne Fatma and Demir, Oya and K{\i}rk{\i}c{\i}, B{\"u}{\c s}ra and Felser, Claudia},
  title = {Straight from the horse’s mouth: Agreement attraction effects with Turkish possessors},
  journal = {Linguistic Approaches to Bilingualism},
  year = {2019},
  volume = {9},
  number = {3},
  pages = {398--426}
}

@mastersthesis{Turk2022,
  author = {Turk, Utku},
  title = {Agreement attraction in Turkish},
  school = {Boğaziçi University},
  year = {2022}
}

@article{TurkLogacev2023,
  author = {Turk, Utku and Logacev, Pavel},
  title = {Novel analysis of response bias challenges representational accounts in attraction},
  journal = {HSP 2023 Proceedings},
  year = {2023}
}

@article{TurkLogacev2024a,
  author = {Turk, Utku and Logacev, Pavel},
  title = {Agreement attraction in Turkish: The case of genitive attractors},
  journal = {Cognition, Neuroscience, and Language},
  year = {2024}
}

@article{TurkLogacev2024b,
  author = {Turk, Utku and Logacev, Pavel},
  title = {Syncretism on subject head does not modulate attraction in Turkish},
  journal = {Manuscript in prep.},
  year = {2024}
}

@mastersthesis{Ulusoy2023,
  author = {Ulusoy, Ekin},
  title = {Connectivity and case effects in agreement attraction: The case of Turkish},
  school = {UC Santa Cruz},
  year = {2023}
}

@book{GelmanHill2007,
  author = {Gelman, Andrew and Hill, Jennifer},
  title = {Data analysis using regression and multilevel/hierarchical models},
  year = {2007},
  publisher = {Cambridge University Press}
}

@article{Barr2013,
  author = {Barr, Dale J. and Levy, Roger and Scheepers, Christoph and Tily, Harry J.},
  title = {Random effects structure for confirmatory hypothesis testing: Keep it maximal},
  journal = {Journal of Memory and Language},
  year = {2013},
  volume = {68},
  number = {3},
  pages = {255--278}
}

@book{Kruschke2018,
  author = {Kruschke, John K.},
  title = {Doing Bayesian Data Analysis: A Tutorial with R, JAGS, and Stan},
  publisher = {Academic Press},
  edition = {2nd},
  year = {2018}
}

@article{NicenboimVasishth2016,
  author = {Nicenboim, Bruno and Vasishth, Shravan},
  title = {Statistical methods for linguistic research: Foundational ideas—Part II},
  journal = {Language and Linguistics Compass},
  year = {2016},
  volume = {10},
  number = {11},
  pages = {591--613}
}

@unpublished{TurkLauPhillips2025,
  author = {Turk, Utku and Lau, Ellen and Phillips, Colin},
  title = {When do we plan agreement in production?},
  note = {Manuscript in prep.},
  year = {2025}
}